<record><leader>00000cas a22000007a 4500</leader><controlfield tag="001">28354250</controlfield><controlfield tag="008">930629d19151923okuwr ne      0    0eng d</controlfield><datafield ind1=" " ind2=" " tag="010"><subfield code="a">sn 93066074 </subfield></datafield><datafield ind1=" " ind2=" " tag="040"><subfield code="a">OBN</subfield><subfield code="b">eng</subfield><subfield code="c">OBN</subfield><subfield code="d">OCLCQ</subfield><subfield code="d">DLC</subfield><subfield code="d">OCLCF</subfield><subfield code="d">OCLCO</subfield></datafield><datafield ind1="1" ind2=" " tag="029"><subfield code="a">AU@</subfield><subfield code="b">000025884658</subfield></datafield><datafield ind1=" " ind2=" " tag="042"><subfield code="a">msc</subfield></datafield><datafield ind1="0" ind2=" " tag="130"><subfield code="a">Democrat (Beaver, Okla.)</subfield></datafield><datafield ind1="1" ind2="4" tag="245"><subfield code="a">The Democrat.</subfield></datafield><datafield ind1=" " ind2=" " tag="260"><subfield code="a">Beaver, Beaver County, Okla. :</subfield><subfield code="b">Forgan Enterprise Co.</subfield></datafield><datafield ind1=" " ind2=" " tag="300"><subfield code="a">v.</subfield></datafield><datafield ind1=" " ind2=" " tag="310"><subfield code="a">Weekly</subfield></datafield><datafield ind1="0" ind2=" " tag="362"><subfield code="a">Vol. 7, no. 24 (Nov. 11, 1915)-v. 14, no. 9 (July 26, 1923).</subfield></datafield><datafield ind1=" " ind2="0" tag="651"><subfield code="a">Beaver (Okla.)</subfield><subfield code="v">Newspapers.</subfield></datafield><datafield ind1=" " ind2="0" tag="651"><subfield code="a">Beaver County (Okla.)</subfield><subfield code="v">Newspapers.</subfield></datafield><datafield ind1=" " ind2="7" tag="655"><subfield code="a">Newspapers.</subfield><subfield code="2">fast</subfield><subfield code="0">(OCoLC)fst01423814</subfield></datafield><datafield ind1=" " ind2="7" tag="651"><subfield code="a">Oklahoma</subfield><subfield code="z">Beaver.</subfield><subfield code="2">fast</subfield><subfield code="0">(OCoLC)fst01221401</subfield></datafield><datafield ind1=" " ind2="7" tag="651"><subfield code="a">Oklahoma</subfield><subfield code="z">Beaver County.</subfield><subfield code="2">fast</subfield><subfield code="0">(OCoLC)fst01223114</subfield></datafield><datafield ind1=" " ind2=" " tag="752"><subfield code="a">United States</subfield><subfield code="b">Oklahoma</subfield><subfield code="c">Beaver</subfield><subfield code="d">Beaver.</subfield></datafield><datafield ind1="0" ind2="0" tag="780"><subfield code="t">Forgan enterprise</subfield><subfield code="w">(DLC)sn 93066072</subfield><subfield code="w">(OCoLC)28343629</subfield></datafield><datafield ind1="0" ind2="4" tag="785"><subfield code="t">Ivanhoe news</subfield><subfield code="w">(DLC)sn 93066083</subfield><subfield code="w">(OCoLC)28340716</subfield></datafield><datafield ind1="0" ind2="4" tag="785"><subfield code="t">Ivanhoe independent</subfield><subfield code="w">(DLC)sn 93066082</subfield><subfield code="w">(OCoLC)28340979</subfield></datafield><datafield ind1="0" ind2="4" tag="785"><subfield code="t">Farmers news</subfield><subfield code="w">(DLC)sn 93066080</subfield><subfield code="w">(OCoLC)28341778</subfield></datafield><datafield ind1="0" ind2="4" tag="785"><subfield code="t">Beaver County republican</subfield><subfield code="w">(DLC)sn 93066078</subfield><subfield code="w">(OCoLC)28342694</subfield></datafield><datafield ind1="0" ind2="4" tag="785"><subfield code="t">Gate valley star</subfield><subfield code="w">(DLC)sn 93066081</subfield><subfield code="w">(OCoLC)28341354</subfield></datafield><datafield ind1="0" ind2="7" tag="785"><subfield code="t">Beaver herald</subfield><subfield code="x">2158-4753</subfield><subfield code="w">(DLC)sn 93066071</subfield><subfield code="w">(OCoLC)28354686</subfield></datafield><datafield ind1="0" ind2="7" tag="785"><subfield code="t">Beaver herald and Democrat</subfield><subfield code="w">(DLC)sn 93066075</subfield><subfield code="w">(OCoLC)28354774</subfield></datafield></record>